<record><leader>00000cas a22000007a 4500</leader><controlfield tag="001">22352419</controlfield><controlfield tag="008">900910d19591968mnuwr ne      0    0eng d</controlfield><datafield ind1=" " ind2=" " tag="010"><subfield code="a">sn 90060302 </subfield></datafield><datafield ind1=" " ind2=" " tag="040"><subfield code="a">MN#</subfield><subfield code="b">eng</subfield><subfield code="c">MN#</subfield><subfield code="d">OCLCQ</subfield><subfield code="d">OCLCF</subfield><subfield code="d">OCLCO</subfield></datafield><datafield ind1="1" ind2=" " tag="029"><subfield code="a">AU@</subfield><subfield code="b">000025906584</subfield></datafield><datafield ind1=" " ind2=" " tag="042"><subfield code="a">msc</subfield></datafield><datafield ind1=" " ind2=" " tag="043"><subfield code="a">n-us-mn</subfield></datafield><datafield ind1=" " ind2=" " tag="052"><subfield code="a">4144</subfield><subfield code="b">S7</subfield><subfield code="b">I6</subfield><subfield code="b">N5</subfield><subfield code="b">S42</subfield><subfield code="b">S679</subfield></datafield><datafield ind1=" " ind2=" " tag="052"><subfield code="a">4143</subfield><subfield code="b">D3</subfield><subfield code="b">W5</subfield></datafield><datafield ind1="0" ind2=" " tag="130"><subfield code="a">Reporter (South Saint Paul, Minn. : South St. Paul ed.)</subfield></datafield><datafield ind1="1" ind2="0" tag="245"><subfield code="a">Reporter.</subfield></datafield><datafield ind1="1" ind2="3" tag="246"><subfield code="a">South St. Paul and St. Paul Park-Newport reporter</subfield><subfield code="f">Sept. 11, 1959-Jan. 10, 1963</subfield></datafield><datafield ind1="3" ind2="0" tag="246"><subfield code="a">South Saint Paul and Saint Paul Park-Newport reporter</subfield></datafield><datafield ind1="1" ind2="7" tag="246"><subfield code="a">South St. Paul reporter</subfield></datafield><datafield ind1="3" ind2="0" tag="246"><subfield code="a">South Saint Paul reporter</subfield></datafield><datafield ind1=" " ind2=" " tag="250"><subfield code="a">South St. Paul ed.</subfield></datafield><datafield ind1=" " ind2=" " tag="260"><subfield code="a">South St. Paul, Minn. :</subfield><subfield code="b">St. Paul Suburban Newspapers,</subfield><subfield code="c">1959-1968.</subfield></datafield><datafield ind1=" " ind2=" " tag="300"><subfield code="a">9 v.</subfield></datafield><datafield ind1=" " ind2=" " tag="310"><subfield code="a">Weekly</subfield></datafield><datafield ind1="0" ind2=" " tag="362"><subfield code="a">Vol. 70, no. 2 (Sept. 11, 1959)-v. 78, no. 22 (Feb. 28, 1968).</subfield></datafield><datafield ind1=" " ind2=" " tag="500"><subfield code="a">"Serving South St. Paul, Inver Grove, South Grove &amp; Rural Areas."</subfield></datafield><datafield ind1=" " ind2=" " tag="530"><subfield code="a">Available on microfilm from the Minnesota Historical Society.</subfield></datafield><datafield ind1=" " ind2="0" tag="651"><subfield code="a">South Saint Paul (Minn.)</subfield><subfield code="v">Newspapers.</subfield></datafield><datafield ind1=" " ind2="0" tag="651"><subfield code="a">Inver Grove Heights (Minn.)</subfield><subfield code="v">Newspapers.</subfield></datafield><datafield ind1=" " ind2="0" tag="651"><subfield code="a">Saint Paul Park (Minn.)</subfield><subfield code="v">Newspapers.</subfield></datafield><datafield ind1=" " ind2="0" tag="651"><subfield code="a">Newport (Minn.)</subfield><subfield code="v">Newspapers.</subfield></datafield><datafield ind1=" " ind2="0" tag="651"><subfield code="a">South Grove (Minn.)</subfield><subfield code="v">Newspapers.</subfield></datafield><datafield ind1=" " ind2="7" tag="655"><subfield code="a">Newspapers.</subfield><subfield code="2">fast</subfield><subfield code="0">(OCoLC)fst01423814</subfield></datafield><datafield ind1=" " ind2="7" tag="651"><subfield code="a">Minnesota</subfield><subfield code="z">Inver Grove Heights.</subfield><subfield code="2">fast</subfield><subfield code="0">(OCoLC)fst01208645</subfield></datafield><datafield ind1=" " ind2="7" tag="651"><subfield code="a">Minnesota</subfield><subfield code="z">Newport.</subfield><subfield code="2">fast</subfield><subfield code="0">(OCoLC)fst01256536</subfield></datafield><datafield ind1=" " ind2="7" tag="651"><subfield code="a">Minnesota</subfield><subfield code="z">Saint Paul Park.</subfield><subfield code="2">fast</subfield><subfield code="0">(OCoLC)fst01208814</subfield></datafield><datafield ind1=" " ind2="7" tag="651"><subfield code="a">Minnesota</subfield><subfield code="z">South Grove.</subfield><subfield code="2">fast</subfield><subfield code="0">(OCoLC)fst01260524</subfield></datafield><datafield ind1=" " ind2="7" tag="651"><subfield code="a">Minnesota</subfield><subfield code="z">South Saint Paul.</subfield><subfield code="2">fast</subfield><subfield code="0">(OCoLC)fst01208836</subfield></datafield><datafield ind1=" " ind2=" " tag="752"><subfield code="a">United States</subfield><subfield code="b">Minnesota</subfield><subfield code="c">Dakota</subfield><subfield code="d">South Saint Paul.</subfield></datafield><datafield ind1=" " ind2=" " tag="752"><subfield code="a">United States</subfield><subfield code="b">Minnesota</subfield><subfield code="c">Dakota</subfield><subfield code="d">Inver Grove Heights.</subfield></datafield><datafield ind1=" " ind2=" " tag="752"><subfield code="a">United States</subfield><subfield code="b">Minnesota</subfield><subfield code="c">Washington</subfield><subfield code="d">Saint Paul Park.</subfield></datafield><datafield ind1=" " ind2=" " tag="752"><subfield code="a">United States</subfield><subfield code="b">Minnesota</subfield><subfield code="c">Washington</subfield><subfield code="d">Newport.</subfield></datafield><datafield ind1=" " ind2=" " tag="752"><subfield code="a">United States</subfield><subfield code="b">Minnesota</subfield><subfield code="c">Dakota</subfield><subfield code="d">South Grove.</subfield></datafield><datafield ind1="0" ind2="0" tag="780"><subfield code="t">South St. Paul reporter (South Saint Paul, Minn. : 1954)</subfield><subfield code="w">(DLC)sn 90060301</subfield></datafield><datafield ind1="0" ind2="0" tag="785"><subfield code="t">South St. Paul sun</subfield><subfield code="w">(DLC)sn 90060275</subfield></datafield></record>